@book{Russell:1996,
     author = {Russell, Stuart J. and Norvig, Peter and Candy, John F. and Malik, Jitendra M. and Edwards, Douglas D.},
      title = {Artificial Intelligence: A Modern Approach},
       year = {1996},
        isbn = {0-13-103805-2},
         publisher = {Prentice-Hall, Inc.},
          address = {Upper Saddle River, NJ, USA},
      } 

@manual{project3,
    author = {Klein, Dan},
    title = {Project 3: Reinforcement Learning},
    year = {2009 (accessed April, 2014)},
    note = {http://inst.eecs.berkeley.edu/~cs188/fa09/ projects/reinforcement/reinforcement.html}
}
